<?xml version="1.0" encoding="UTF-8"?><collection xmlns="http://www.loc.gov/MARC21/slim"><record><leader>00492nam--2200133-i-4500</leader><controlfield tag="001">000030097</controlfield><controlfield tag="002">20161230</controlfield><controlfield tag="005">20161230201038</controlfield><controlfield tag="008">060222s1000------------r-----000-0-eng-d</controlfield><datafield ind1=" " ind2=" " tag="100"><subfield code="a">Lampariello, Giovanni</subfield></datafield><datafield ind1=" " ind2=" " tag="245"><subfield code="a">Von galilei zu einstein.ein historisch-kritische betrachtung des weges der klassischen physik zur relativitatstheorie</subfield></datafield><datafield ind1=" " ind2=" " tag="260"><subfield code="a">Koln, Westdeutscher, 1955. 84p</subfield></datafield><datafield ind1=" " ind2=" " tag="490"><subfield code="a">Arbeitsgemeinschaft Fur Forschun Des  Landes Nordrhein-westfalen. Heft 53-aabhandlung</subfield></datafield><datafield ind1=" " ind2=" " tag="852"><subfield code="a">12675</subfield></datafield></record></collection>